@inproceedings{miller1978n,
  title={On the n log n isomorphism technique (A Preliminary Report)},
  author={Miller, Gary L},
  booktitle={Proceedings of the tenth annual ACM symposium on Theory of computing},
  pages={51--58},
  year={1978},
  organization={ACM}
}


